<record><leader>00000cas a2200000 a 4500</leader><controlfield tag="001">25103802</controlfield><controlfield tag="008">920114d188u189unyuwr ne      0    0eng c</controlfield><datafield ind1=" " ind2=" " tag="010"><subfield code="a">sn 92061722 </subfield></datafield><datafield ind1=" " ind2=" " tag="040"><subfield code="a">NYS</subfield><subfield code="b">eng</subfield><subfield code="c">NYS</subfield><subfield code="d">OCLCQ</subfield><subfield code="d">OCLCF</subfield><subfield code="d">OCLCO</subfield></datafield><datafield ind1="1" ind2=" " tag="029"><subfield code="a">AU@</subfield><subfield code="b">000020706606</subfield></datafield><datafield ind1=" " ind2=" " tag="042"><subfield code="a">pcc</subfield></datafield><datafield ind1=" " ind2=" " tag="043"><subfield code="a">n-us-ny</subfield></datafield><datafield ind1="0" ind2=" " tag="130"><subfield code="a">Cattaraugus County times (Cattaraugus, N.Y. : 1889)</subfield></datafield><datafield ind1="1" ind2="0" tag="245"><subfield code="a">Cattaraugus County times.</subfield></datafield><datafield ind1="3" ind2="0" tag="246"><subfield code="a">County times</subfield></datafield><datafield ind1=" " ind2=" " tag="260"><subfield code="a">Cattaraugus ;</subfield><subfield code="a">Gowanda, N.Y. :</subfield><subfield code="b">Charlie D. Straight</subfield></datafield><datafield ind1=" " ind2=" " tag="300"><subfield code="a">v. ;</subfield><subfield code="c">56 cm.</subfield></datafield><datafield ind1=" " ind2=" " tag="310"><subfield code="a">Weekly</subfield></datafield><datafield ind1=" " ind2=" " tag="500"><subfield code="a">Published as: County times, &lt;Mar. 4, 1892&gt;.</subfield></datafield><datafield ind1=" " ind2=" " tag="588"><subfield code="a">Description based on: Vol. 5, no. 12 (Jan. 11, 1889).</subfield></datafield><datafield ind1=" " ind2="0" tag="651"><subfield code="a">Cattaraugus (N.Y.)</subfield><subfield code="v">Newspapers.</subfield></datafield><datafield ind1=" " ind2="0" tag="651"><subfield code="a">Gowanda (N.Y.)</subfield><subfield code="v">Newspapers.</subfield></datafield><datafield ind1=" " ind2="0" tag="651"><subfield code="a">Cattaraugus County (N.Y.)</subfield><subfield code="v">Newspapers.</subfield></datafield><datafield ind1=" " ind2="0" tag="651"><subfield code="a">Erie County (N.Y.)</subfield><subfield code="v">Newspapers.</subfield></datafield><datafield ind1=" " ind2="7" tag="655"><subfield code="a">Newspapers.</subfield><subfield code="2">fast</subfield><subfield code="0">(OCoLC)fst01423814</subfield></datafield><datafield ind1=" " ind2="7" tag="651"><subfield code="a">New York (State)</subfield><subfield code="z">Cattaraugus.</subfield><subfield code="2">fast</subfield><subfield code="0">(OCoLC)fst01247463</subfield></datafield><datafield ind1=" " ind2="7" tag="651"><subfield code="a">New York (State)</subfield><subfield code="z">Cattaraugus County.</subfield><subfield code="2">fast</subfield><subfield code="0">(OCoLC)fst01207027</subfield></datafield><datafield ind1=" " ind2="7" tag="651"><subfield code="a">New York (State)</subfield><subfield code="z">Erie County.</subfield><subfield code="2">fast</subfield><subfield code="0">(OCoLC)fst01202692</subfield></datafield><datafield ind1=" " ind2="7" tag="651"><subfield code="a">New York (State)</subfield><subfield code="z">Gowanda.</subfield><subfield code="2">fast</subfield><subfield code="0">(OCoLC)fst01227090</subfield></datafield><datafield ind1=" " ind2=" " tag="752"><subfield code="a">United States</subfield><subfield code="b">New York</subfield><subfield code="c">Cattaraugus</subfield><subfield code="d">Cattaraugus.</subfield></datafield><datafield ind1=" " ind2=" " tag="752"><subfield code="a">United States</subfield><subfield code="b">New York</subfield><subfield code="c">Cattaraugus</subfield><subfield code="d">Gowanda.</subfield></datafield><datafield ind1=" " ind2=" " tag="752"><subfield code="a">United States</subfield><subfield code="b">New York</subfield><subfield code="c">Erie</subfield><subfield code="d">Gowanda.</subfield></datafield><datafield ind1="0" ind2="0" tag="780"><subfield code="t">Cattaraugus times (Cattaraugus, N.Y. : 1885)</subfield><subfield code="w">(DLC)sn 92061721</subfield><subfield code="w">(OCoLC)25103886</subfield></datafield><datafield ind1="0" ind2="0" tag="785"><subfield code="t">Cattaraugus times (Cattaraugus, N.Y. : 1899)</subfield><subfield code="w">(DLC)sn 92062100</subfield></datafield></record>